<record><leader>00000cas a2200000 a 4500</leader><controlfield tag="001">23882004</controlfield><controlfield tag="008">910604d19631979cauer ne      0    0fre c</controlfield><datafield ind1=" " ind2=" " tag="010"><subfield code="a">sn 91063071 </subfield></datafield><datafield ind1=" " ind2=" " tag="040"><subfield code="a">NVH</subfield><subfield code="b">eng</subfield><subfield code="c">NVH</subfield><subfield code="d">CNK</subfield><subfield code="d">OCLCQ</subfield><subfield code="d">CNK</subfield><subfield code="d">OCLCQ</subfield><subfield code="d">OCLCF</subfield><subfield code="d">OCLCO</subfield><subfield code="d">OCL</subfield></datafield><datafield ind1=" " ind2=" " tag="042"><subfield code="a">pcc</subfield></datafield><datafield ind1=" " ind2=" " tag="043"><subfield code="a">n-us-ca</subfield></datafield><datafield ind1="0" ind2=" " tag="130"><subfield code="a">Californien (San Francisco, Calif. : 1963)</subfield></datafield><datafield ind1="1" ind2="3" tag="245"><subfield code="a">Le Californien.</subfield></datafield><datafield ind1=" " ind2=" " tag="260"><subfield code="a">San Francisco [Calif. :</subfield><subfield code="b">s.n.]</subfield></datafield><datafield ind1=" " ind2=" " tag="300"><subfield code="a">v.</subfield></datafield><datafield ind1=" " ind2=" " tag="310"><subfield code="a">Biweekly,</subfield><subfield code="b">May 7, 1971-Sept. 7/20, 1979</subfield></datafield><datafield ind1=" " ind2=" " tag="321"><subfield code="a">Weekly,</subfield><subfield code="b">1963-Apr. 30/May 6, 1971</subfield></datafield><datafield ind1="1" ind2=" " tag="362"><subfield code="a">Began in 1963.</subfield></datafield><datafield ind1="0" ind2=" " tag="362"><subfield code="a">-v. 17, no. 16 (7/20 sept. 1979).</subfield></datafield><datafield ind1=" " ind2=" " tag="530"><subfield code="a">Master negatives are available for duplication from:</subfield><subfield code="b">California Newspaper Microfilm Archive;</subfield><subfield code="c">positive copies may be purchased by the reel; for further information consult the CNMA at:</subfield><subfield code="u">http://cbsr.ucr.edu</subfield></datafield><datafield ind1=" " ind2=" " tag="546"><subfield code="a">In French.</subfield></datafield><datafield ind1=" " ind2=" " tag="588"><subfield code="a">Description based on: 1re anne&#769;e, no. 6 (8 nov. 1963).</subfield></datafield><datafield ind1=" " ind2="0" tag="650"><subfield code="a">French newspapers</subfield><subfield code="z">California.</subfield></datafield><datafield ind1=" " ind2="0" tag="651"><subfield code="a">San Francisco (Calif.)</subfield><subfield code="v">Newspapers.</subfield></datafield><datafield ind1=" " ind2="7" tag="650"><subfield code="a">French newspapers.</subfield><subfield code="2">fast</subfield><subfield code="0">(OCoLC)fst00934758</subfield></datafield><datafield ind1=" " ind2="7" tag="651"><subfield code="a">California.</subfield><subfield code="2">fast</subfield><subfield code="0">(OCoLC)fst01204928</subfield></datafield><datafield ind1=" " ind2="7" tag="651"><subfield code="a">California</subfield><subfield code="z">San Francisco.</subfield><subfield code="2">fast</subfield><subfield code="0">(OCoLC)fst01204481</subfield></datafield><datafield ind1=" " ind2="7" tag="655"><subfield code="a">Newspapers.</subfield><subfield code="2">fast</subfield><subfield code="0">(OCoLC)fst01423814</subfield></datafield><datafield ind1=" " ind2=" " tag="752"><subfield code="a">United States</subfield><subfield code="b">California</subfield><subfield code="c">San Francisco</subfield><subfield code="d">San Francisco.</subfield></datafield><datafield ind1="0" ind2="0" tag="785"><subfield code="t">Journal franc&#807;ais d'ame&#769;rique</subfield><subfield code="w">(DLC)sn 79019400</subfield></datafield><datafield ind1="1" ind2=" " tag="029"><subfield code="a">AU@</subfield><subfield code="b">000025898946</subfield></datafield></record>